@misc{Abel13,
    author = {Abel, Andreas},
    howpublished = {Habilitation Thesis},
    institution = {Institut f\"{u}r Informatik, Ludwig-Maximilians-Universit\"{a}t M\"{u}nchen},
    month = may,
    title = {{Normalization by Evaluation: Dependent Types and Impredicativity}},
    year = {2013}
}


@inproceedings{Accattoli10,
 author       = "Beniamino Accattoli and Delia Kesner",
 year         = "2010",
 title        = "The Structural $\lambda$-Calculus",
 booktitle    = "CSL",
 pages        = "381--395",
}

@inproceedings{Accattoli12,
  TITLE = {{An abstract factorization theorem for explicit substitutions}},
  AUTHOR = {Accattoli, Beniamino},
  BOOKTITLE = {{23rd International Conference on Rewriting Techniques and Applications (RTA'12)}},
  ADDRESS = {Nagoya, Japan},
  YEAR = {2012},
  MONTH = May,
  HAL_ID = {hal-00780344},
  HAL_VERSION = {v1},
}

@article{Accattoli14,
  author    = {Beniamino Accattoli and
               Pablo Barenbaum and
               Damiano Mazza},
  title     = {Distilling Abstract Machines (Long Version)},
  journal   = {CoRR},
  volume    = {abs/1406.2370},
  year      = {2014},
}

@inproceedings{Kesner12,
  TITLE = {{The permutative lambda calculus}},
  AUTHOR = {Accattoli, Beniamino and Kesner, Delia},
  BOOKTITLE = {{18th International Conference on Logic for Programming, Artificial Intelligence, and Reasoning - LPAR-18}},
  ADDRESS = {Merida, Venezuela},
  YEAR = {2012},
  MONTH = Mar,
}

@inproceedings{Paolini12,
  TITLE = {{Call-by-Value solvability, revisited}},
  AUTHOR = {Accattoli, Beniamino and Paolini, Luca},
  BOOKTITLE = {{11th International Symposium on Functional and Logic Programming - FLOPS 2012}},
  ADDRESS = {Kobe, Japan},
  YEAR = {2012},
  MONTH = May,
}

@inproceedings{Kesner14,
  author    = {Beniamino Accattoli and
               Eduardo Bonelli and
               Delia Kesner and
               Carlos Lombardi},
  title     = {A nonstandard standardization theorem},
  booktitle = {The 41st Annual {ACM} {SIGPLAN-SIGACT} Symposium on Principles of
               Programming Languages, {POPL} '14, San Diego, CA, USA, January 20-21,
               2014},
  pages     = {659--670},
  year      = {2014},
  doi       = {10.1145/2535838.2535886},
}

@article{DalLago12,
  author    = {Beniamino Accattoli and
               Ugo Dal Lago},
  title     = {On the Invariance of the Unitary Cost Model for Head Reduction (Long
               Version)},
  journal   = {CoRR},
  volume    = {abs/1202.1641},
  year      = {2012},
}

@inproceedings{DalLago14,
  TITLE = {{Beta Reduction is Invariant, Indeed}},
  AUTHOR = {Accattoli, Beniamino and Lago, Ugo Dal},
  BOOKTITLE = {{Joint Meeting of the Twenty-Third EACSL Annual Conference on Computer Science Logic (CSL) and the Twenty-Ninth Annual ACM/IEEE Symposium on Logic in Computer Science (LICS)}},
  ADDRESS = {Vienna, Austria},
  YEAR = {2014},
  MONTH = Jul,
  DOI = {10.1145/2603088.2603105},
}

@inproceedings{Ariola95,
  author    = {Zena M. Ariola and
               Matthias Felleisen and
               John Maraist and
               Martin Odersky and
               Philip Wadler},
  title     = {The Call-by-Need Lambda Calculus},
  booktitle = {Symposium on Principles of Programming Languages, POPL 1995},
  year      = {1995},
  pages     = {233-246},
  ee        = {http://doi.acm.org/10.1145/199448.199507},
  bibsource = {DBLP, http://dblp.uni-trier.de},
  editor    = {Ron K. Cytron and
               Peter Lee},
  publisher = {ACM Press},
  isbn      = {0-89791-692-1},
}

@article{Ariola97,
 author = {Ariola, Zena M. and Felleisen, Matthias},
 title = {The call-by-need lambda calculus},
 journal = {Journal of Functional Programming},
 volume = {7},
 number = {3},
 year = {1997},
 issn = {0956-7968},
 pages = {265--301},
 doi = {http://dx.doi.org/10.1017/S0956796897002724},
 publisher = {Cambridge University Press},
 address = {New York, NY, USA},
 }

@Inproceedings{Ariola11,
  author      = {Zena M. Ariola and Hugo Herbelin and Alexis Saurin},
  title       = {Classical Call-by-need and duality},
  booktitle   = {Typed Lambda Calculi and Applications},
  volume      = {6690},
 publisher = {Springer},
  series    = {Lecture Notes in Computer Science},
  year        = {2011},
}

@inproceedings{Ariola12,
  author      = {Zena M. Ariola and Paul Downen and Hugo Herbelin and Keiko Nakata and Alexis Saurin},
  title       = {Classical call-by-need sequent calculi: The unity of semantic artifacts},
  booktitle   = {Functional and Logic Programming - 11th International Symposium,
                 FLOPS 2012, Kobe, Japan, May 23-25, 2012. Proceedings},
  series      = {Lecture Notes in Computer Science},
  editor      = {Tom Schrijvers and Peter Thiemann},
  publisher   = {Springer},
  volume      = {7294},
  pages       = {32-46},
  year        = {2012},
  isbn        = {978-3-642-29821-9},
  ee          = {http://dx.doi.org/10.1007/978-3-642-29822-6},
}
@book{Aristotle,
  title={Aristotle: The Organon},
  author={Cooke, H.P. and Tredennick, H.},
  number={v. 2},
  lccn={38012666},
  series={Aristotle: The Organon},
  publisher={Harvard University Press}
}

@book{Boole53,
  author = {Boole, George},
  title = {Investigation of The Laws of Thought On Which Are Founded the
  Mathematical Theories of Logic and Probabilities},
  year = 1853,
}

@article{Cantor79,
year={1879},
issn={0025-5831},
journal={Mathematische Annalen},
volume={15},
number={1},
doi={10.1007/BF01444101},
title={Ueber unendliche, lineare Punktmannichfaltigkeiten},
publisher={Springer-Verlag},
author={Cantor, Georg},
pages={1-7},
}

@InProceedings{Chang12,
  author    = {Stephen Chang and
               Matthias Felleisen},
  title     = {The Call-by-need Lambda Calculus, Revisited},
  booktitle = {European Symposium on Programming, ESOP 2012},
  year =         {2012},
  publisher = {Springer},
  series    = {Lecture Notes in Computer Science}
}


@inproceedings{Paiva89,
  author    = {Valeria de Paiva},
  title     = {A Dialectica-like Model of Linear Logic},
  booktitle = {Category Theory and Computer Science},
  year      = {1989},
  pages     = {341-356},
  bibsource = {DBLP, http://dblp.uni-trier.de},
  publisher = {Springer},
  volume    = {389},
  series    = {Lecture Notes in Computer Science},
}
crossref  = {DBLP:conf/ctcs/1989},

@incollection{Paiva89:2,
  AUTHOR = {Valeria de Paiva},
  TITLE = {The Dialectica Categories},
  YEAR = 1989,
  BOOKTITLE = {Categories in Computer Science and Logic: Proc.\ of the Joint Summer Research Conference},
  EDITOR = {J. W. Gray and A. Scedrov},
  PUBLISHER = {American Mathematical Society},
  ADDRESS = {Providence, RI},
  PAGES = {47-62},
}

@inproceedings{Miquel11,
  author    = {Alexandre Miquel},
  title     = {Forcing as a Program Transformation},
  booktitle = {LICS},
  year      = {2011},
  pages     = {197-206},
  ee        = {http://doi.ieeecomputersociety.org/10.1109/LICS.2011.47},
  bibsource = {DBLP, http://dblp.uni-trier.de},
  publisher = {IEEE Computer Society},
  isbn      = {978-0-7695-4412-0},
}

@inproceedings{Miquel09,
  author    = {Alexandre Miquel},
  title     = {Relating Classical Realizability and Negative Translation for Existential
               Witness Extraction},
  booktitle = {{TLCA} 2009},
  pages     = {188--202},
  year      = {2009},
  url       = {http://dx.doi.org/10.1007/978-3-642-02273-9_15},
  doi       = {10.1007/978-3-642-02273-9_15},
  timestamp = {Fri, 24 Jul 2009 10:04:48 +0200},
  biburl    = {http://dblp.uni-trier.de/rec/bib/conf/tlca/Miquel09},
  bibsource = {dblp computer science bibliography, http://dblp.org}
}

@article{Church32,
  author = {A. Church},
  title = {A Set of Postulates for the Foundation of Logic},
  journal = {Annals of Mathematics},
  year = {1932},
  volume = {33},
  number = {2},
  pages = {346--366},
}

@inproceedings{Coquand86,
  author    = {Thierry Coquand},
  title     = {An Analysis of {G}irard's Paradox},
  booktitle = {LICS},
  year      = {1986},
  pages     = {227-236},
  bibsource = {DBLP, http://dblp.uni-trier.de},
  publisher = {IEEE Computer Society},
}

@phdthesis{Regnier92,
 author       = "Laurent Regnier",
 year         = "1992",
 title        = "Lambda-calcul et r{\'e}seaux",
 type         = "Ph{D} thesis",
 school       = "Univ. Paris VII",
}

@Article{Regnier94,
  author  = {Laurent Regnier},
  title   = {Une \'equivalence sur les lambda-termes},
  journal = {Theoretical Computer Science},
  volume  = {126},
  pages   = {281--292},
  year    = {1994}
}

@inproceedings{Berger91,
    abstract = {{A functional p\&rarr;e (procedure\&rarr;expression) that inverts the evaluation functional for typed \&lambda;-terms in any model of typed \&lambda;-calculus containing some basic arithmetic is defined. Combined with the evaluation functional, p\&rarr;e yields an efficient normalization algorithm. The method is extended to \&lambda;-calculi with constants and is used to normalize (the \&lambda;-representations of) natural deduction proofs of (higher order) arithmetic. A consequence of theoretical interest is a strong completeness theorem for \&beta;\&eta;-reduction. If two \&lambda;-terms have the same value in some model containing representations of the primitive recursive functions (of level 1) then they are probably equal in the \&beta;\&eta;-calculus}},
    author = {Berger, U. and Schwichtenberg, H.},
    booktitle = {[1991] Proceedings Sixth Annual IEEE Symposium on Logic in Computer Science},
    day = {18},
    doi = {10.1109/lics.1991.151645},
    isbn = {0-8186-2230-X},
    journal = {LICS},
    location = {Amsterdam, Netherlands},
    month = jul,
    pages = {203--211},
    publisher = {IEEE Comput. Sco. Press},
    title = {{An inverse of the evaluation functional for typed lambda -calculus}},
    year = {1991}
}


@inproceedings{Danos96,
  author    = {Vincent Danos and
               Hugo Herbelin and
               Laurent Regnier},
  title     = {Game Semantics {\&} Abstract Machines},
  booktitle = {Logic in Computer Science, LICS},
  year      = {1996},
  pages     = {394-405},
  ee        = {http://doi.ieeecomputersociety.org/10.1109/LICS.1996.561456},
}

@Unpublished{Danos04,
   author = {Vincent Danos and Laurent Regnier},
    title = {Head Linear Reduction},
    note = {Unpublished},
    year = {2004}
}

@article{Danvy08,
  author    = {Olivier Danvy and
               Kevin Millikin},
  title     = {A Rational Deconstruction of Landin's {SECD} Machine with the {J}
               Operator},
  journal   = {Logical Methods in Computer Science},
  volume    = {4},
  number    = {4},
  year      = {2008},
  url       = {http://dx.doi.org/10.2168/LMCS-4(4:12)2008},
  doi       = {10.2168/LMCS-4(4:12)2008},
  timestamp = {Tue, 28 Jul 2009 15:08:17 +0200},
  biburl    = {http://dblp.uni-trier.de/rec/bib/journals/lmcs/DanvyM08},
  bibsource = {dblp computer science bibliography, http://dblp.org}
}
@inproceedings{Danvy10,
 author = {Danvy, Olivier and Millikin, Kevin and Munk, Johan and Zerny, Ian},
 title = {Defunctionalized Interpreters for Call-by-need evaluation},
 booktitle = {Functional and Logic Programming Symposium, FLOPS 2010},
  publisher = {Springer},
  series    = {Lecture Notes in Computer Science},
  year = {2010}
 }


@article{Krivine03,
  author    = {Jean-Louis Krivine},
  title     = {Dependent choice, `quote' and the clock},
  journal   = {Theor. Comput. Sci.},
  volume    = {308},
  number    = {1-3},
  year      = {2003},
  pages     = {259-276},
  ee        = {http://dx.doi.org/10.1016/S0304-3975(02)00776-4},
  bibsource = {DBLP, http://dblp.uni-trier.de}
}

@InCollection{Avigad98,
  author =       "Jeremy Avigad and Solomon Feferman",
  title =        "{G}{\"o}del's Functional (`Dialectica')
                 Interpretation",
  booktitle =    "Handbook of Proof Theory",
  publisher =    "Elsevier Science Publishers",
  year =         "1998",
  editor =       "Samuel R. Buss",
  pages =        "337--405",
  address =      "Amsterdam",
}

@article{Girard87,
  author    = {Jean-Yves Girard},
  title     = {Linear Logic},
  journal   = {Theor. Comput. Sci.},
  volume    = {50},
  year      = {1987},
  pages     = {1-102},
  ee        = {http://dx.doi.org/10.1016/0304-3975(87)90045-4},
  bibsource = {DBLP, http://dblp.uni-trier.de}
}

@book{Girard89,
 author = {Girard, Jean-Yves and Taylor, Paul and Lafont, Yves},
 title = {Proofs and Types},
 year = {1989},
 isbn = {0-521-37181-3},
 publisher = {Cambridge University Press},
 address = {New York, NY, USA},
}

@article{Girard91,
  author    = {Jean{-}Yves Girard},
  title     = {A New Constructive Logic: Classical Logic},
  journal   = {Mathematical Structures in Computer Science},
  volume    = {1},
  number    = {3},
  pages     = {255--296},
  year      = {1991},
  url       = {http://dx.doi.org/10.1017/S0960129500001328},
  doi       = {10.1017/S0960129500001328},
  timestamp = {Fri, 10 Jun 2011 14:42:15 +0200},
}

@inproceedings{Girard95,
 author = {Girard, Jean-Yves},
 title = {Linear Logic: Its Syntax and Semantics},
 booktitle = {Proceedings of the Workshop on Advances in Linear Logic},
 year = {1995},
 isbn = {0-521-55961-8},
 pages = {1--42},
 numpages = {42},
 acmid = {212880},
 publisher = {Cambridge University Press},
 address = {New York, NY, USA},
} 

@article{HylandS03,
  author    = {Martin Hyland and
               Andrea Schalk},
  title     = {Glueing and orthogonality for models of linear logic},
  journal   = {Theor. Comput. Sci.},
  volume    = {294},
  number    = {1/2},
  year      = {2003},
  pages     = {183-231},
  ee        = {http://dx.doi.org/10.1016/S0304-3975(01)00241-9},
  bibsource = {DBLP, http://dblp.uni-trier.de}
}

@article{Hyland02,
  author    = {J. M. E. Hyland},
  title     = {Proof theory in the abstract},
  journal   = {Ann. Pure Appl. Logic},
  volume    = {114},
  number    = {1-3},
  year      = {2002},
  pages     = {43-78},
  ee        = {http://dx.doi.org/10.1016/S0168-0072(01)00075-6},
  bibsource = {DBLP, http://dblp.uni-trier.de}
}

@article{Diller74,
  year={1974},
  issn={0003-9268},
  journal={Archiv f\"ur mathematische {L}ogik und {G}rundlagenforschung},
  volume={16},
  number={1-2},
  doi={10.1007/BF02025118},
  title={Eine {V}ariante zur {D}ialectica-{I}nterpretation der {H}eyting-{A}rithmetik endlicher {T}ypen},
  url={http://dx.doi.org/10.1007/BF02025118},
  publisher={Springer-Verlag},
  author={Diller, Justus},
  pages={49-66},
  language={German}
}

@misc{Munch11,
  title = "Lambda-calcul, machines et orthogonalité",
  author = {Munch-Maccagnoni, Guillaume},
  year = {2011},
  note = {Unpublished},
}

@PhdThesis{Munch13,
  Title = {Syntax and {M}odels of a non-{A}ssociative {C}omposition of {P}rograms and {P}roofs},
  Author = {Munch-Maccagnoni, Guillaume},
  School = {Univ. Paris Diderot},
  Year = {2013},
  Month = {December},
}

@article{Moggi91,
  author    = {Eugenio Moggi},
  title     = {Notions of Computation and Monads},
  journal   = {Inf. Comput.},
  volume    = {93},
  number    = {1},
  pages     = {55--92},
  year      = {1991},
}


@Book{Girard11,
  Title                    = {The Blind Spot: Lectures on Logic},
  Author                   = {Girard, Jean-Yves},
  Publisher                = {European Mathematical Society},
  Year                     = {2011},
}

@phdthesis{Girard72,
  title={Interpr{\'e}tation fonctionnelle et {\'e}limination des coupures de l'arithm{\'e}tique d'ordre sup{\'e}rieur},
  author={Girard, J.Y.},
  year={1972}
}

@INPROCEEDINGS{Filinski94,
    author = {Andrzej Filinski},
    title = {Representing Monads},
    booktitle = {Proceedings of the Twenty-First Annual ACM Symposium on Principles of Programming Languages},
    year = {1994},
    pages = {446--457},
    publisher = {ACM Press}
}

@techreport{Streicher93,
 author       = "Y. Lafont and B. Reus and T. Streicher",
 year         = "1993",
 title        = "Continuations Semantics or Expressing Implication by Negation",
 type         = "Technical Report",
 number       = "9321",
 institution  = "Ludwig-Maximilians-Universitat, Munchen",
}

@article{Streicher08,
  author    = {Paulo Oliva and
               Thomas Streicher},
  title     = {On Krivine's Realizability Interpretation of Classical Second-Order
               Arithmetic},
  journal   = {Fundam. Inform.},
  volume    = {84},
  number    = {2},
  pages     = {207--220},
  year      = {2008},
  url       = {http://iospress.metapress.com/content/f51774wm73404583/},
  timestamp = {Fri, 26 Jan 4438745 20:24:48 +},
  biburl    = {http://dblp.uni-trier.de/rec/bib/journals/fuin/OlivaS08},
  bibsource = {dblp computer science bibliography, http://dblp.org}
}
@inproceedings{Scherer15,
  author = "Gabriel Scherer and Pierre-Evariste Dagand",
  year = 2015,
  title = "Normalization by realizability also evaluates",
  booktitle = {JFLA},
}


@article{Streicher07,
  author    = {Thomas Streicher and
               Ulrich Kohlenbach},
  title     = {Shoenfield is {G}{\"o}del after {K}rivine},
  journal   = {Math. Log. Q.},
  volume    = {53},
  number    = {2},
  year      = {2007},
  pages     = {176-179},
  ee        = {http://dx.doi.org/10.1002/malq.200610038},
  bibsource = {DBLP, http://dblp.uni-trier.de}
}

@techreport{Leroy90,
  author =        "Xavier Leroy",
  title =         "The {ZINC} experiment: an economical implementation
                    of the {ML} language",
  institution =   "INRIA",
  type =          "Technical report",
  number =        "117",
  year =          "1990",
}

@inproceedings{Luo90,
  author    = {Zhaohui Luo},
  title     = {{ECC}, an Extended Calculus of Constructions},
  booktitle = {LICS},
  year      = {1989},
  pages     = {386-395},
  ee        = {http://dx.doi.org/10.1109/LICS.1989.39193},
  bibsource = {DBLP, http://dblp.uni-trier.de},
  publisher = {IEEE Computer Society},
}

@article{Maraist94,
 author = {John Maraist and Martin Odersky and Philip Wadler},
 title = {The Call-by-Need lambda-Calculus},
 journal = {Journal of Functional Programming},
 volume = {8},
 number = {3},
 year = {1998},
 pages = {275--317},
 publisher = {Cambridge University Press},
 address = {New York, NY, USA},
 }


@article{Oliva2006,
ajournal = "Notre Dame J. Formal Logic",
author = "Oliva, Paulo",
doi = "10.1305/ndjfl/1153858651",
journal = "Notre Dame Journal of Formal Logic",
month = "04",
number = "2",
pages = "263--290",
publisher = "Duke University Press",
title = "Unifying Functional Interpretations",
url = "http://dx.doi.org/10.1305/ndjfl/1153858651",
volume = "47",
year = "2006"
}

@inproceedings{Herbelin00,
  author    = {Pierre{-}Louis Curien and
               Hugo Herbelin},
  title     = {The duality of computation},
  booktitle = {Proceedings of the Fifth {ACM} {SIGPLAN} International Conference
               on Functional Programming {(ICFP} '00), Montreal, Canada, September
               18-21, 2000.},
  pages     = {233--243},
  year      = {2000},
  crossref  = {DBLP:conf/icfp/2000},
  url       = {http://doi.acm.org/10.1145/351240.351262},
  doi       = {10.1145/351240.351262},
  timestamp = {Tue, 11 Jun 2013 13:51:25 +0200},
  biburl    = {http://dblp.uni-trier.de/rec/bib/conf/icfp/CurienH00},
  bibsource = {dblp computer science bibliography, http://dblp.org}
}
@article{Herbelin10,
author = {Hugo Herbelin},
title = {An Intuitionistic Logic that Proves {M}arkov's Principle},
journal ={Logic in Computer Science, Symposium on},
volume = {0},
issn = {1043-6871},
year = {2010},
pages = {50-56},
doi = {http://doi.ieeecomputersociety.org/10.1109/LICS.2010.49},
publisher = {IEEE Computer Society},
address = {Los Alamitos, CA, USA},
}

@Article{Hyland00,
  author  = {Martin Hyland and Luke Ong},
  title   = {On Full Abstraction for {PCF}},
  journal = {Information and Computation},
  volume  = {163},
  number  = {2},
  pages   = {285--408},
  month   = dec,
  year    = {2000}
}

@article{Glivenko29,
    author = {Glivenko, V.},
    journal = {Bulletins de la classe des sciences},
    pages = {183--188},
    publisher = {Academie Royale de Belgique},
    series = {5},
    title = {Sur Quelques Points de la Logique de {M}. Brouwer},
    volume = {15},
    year = {1929}
}


@article{Godel31,
  author = {Gödel, Kurt},
  journal = {Monatshefte für Mathematik und Physik},
  number = 1,
  pages = {173--198},
  title = {Über formal unentscheidbare Sätze der Principia Mathematica und verwandter Systeme},
  volume = 38,
  year = 1931
}

@article{Godel32,
  author = {K. G{\"o}del},
  title = {Zur intuitionistischen Arithmetik und Zahlentheorie},
  journal = {Ergebnisse eines mathematisches Kolloquiums},
  year = 1932,
  volume = 4,
  pages = {34-38}
}

@article{Godel58,
  author = {Kurt G\"odel},
  title={{\"U}ber eine bisher noch nicht ben\"utzte {E}rweiterung des finiten {S}tandpunktes},
  journal={Dialectica},
  volume={12},
  year={1958},
  pages={280--287},
}

@incollection{Howard80,
    author = {Howard, William A.},
    booktitle = {To H. B. Curry: Essays on Combinatory Logic, Lambda Calculus, and Formalism},
    comment = {Reprint of 1969 article},
    editor = {Seldin, J. P. and Hindley, J. R.},
    pages = {479--490},
    publisher = {Academic Press},
    title = {{The formulas-as-types notion of construction}},
    year = {1980},
}


@InProceedings{Munch14,
  Title                    = {Formulae-as-Types for an Involutive Negation},
  Author                   = {Munch-Maccagnoni, Guillaume},
  Booktitle                = {Proceedings of the joint meeting of the Twenty-Third EACSL Annual Conference on Computer Science Logic and the Twenty-Ninth Annual ACM/IEEE Symposium on Logic in Computer Science (CSL-LICS)},
  Year                     = {2014}
}

@inproceedings{Munch09,
  author    = {Guillaume Munch{-}Maccagnoni},
  title     = {Focalisation and Classical Realisability},
  booktitle = {Computer Science Logic, 23rd international Workshop, {CSL} 2009, 18th
               Annual Conference of the EACSL, Coimbra, Portugal, September 7-11,
               2009. Proceedings},
  year      = {2009},
  pages     = {409--423},
  crossref  = {DBLP:conf/csl/2009},
  url       = {http://dx.doi.org/10.1007/978-3-642-04027-6_30},
  doi       = {10.1007/978-3-642-04027-6_30},
  timestamp = {Thu, 30 Oct 2014 18:06:40 +0100},
  biburl    = {http://dblp.uni-trier.de/rec/bib/conf/csl/Munch-Maccagnoni09},
  bibsource = {dblp computer science bibliography, http://dblp.org}
}

@misc{DiCosmo92,
  author = {Roberto Di Cosmo},
  title = {The {L}inear {L}ogic {P}rimer},
  year = {1992},
}

@incollection{Parigot92,
  year={1992},
  isbn={978-3-540-55727-2},
  booktitle={Logic Programming and Automated Reasoning},
  volume={624},
  series={Lecture Notes in Computer Science},
  editor={Voronkov, Andrei},
  doi={10.1007/BFb0013061},
  title={Lambda-Mu-Calculus: An algorithmic interpretation of classical natural deduction},
  url={http://dx.doi.org/10.1007/BFb0013061},
  publisher={Springer Berlin Heidelberg},
  author={Parigot, Michel},
  pages={190-201},
  language={English}
}

@incollection{Fraenkel73,
author = "Abraham A. Fraenkel, Yehoshua Bar-Hillel and Azriel Levy",
title = "Foundations of Set Theory Second Revised Edition",
publisher = "Elsevier",
year = "1973",
volume = "67",
series = "Studies in Logic and the Foundations of Mathematics ",
issn = "0049-237X",
doi = "http://dx.doi.org/10.1016/S0049-237X(08)70329-X",
}

@book{Frege79,
  author = {Frege, Gottlob}, 
  title = {{Begriffsschrift, eine der arithmetischen nachgebildete Formelsprache des reinenDenkens}}, 
  publisher = {Verlag von Louis Nebert}, 
  year = {1879}, 
  address = {Halle}, 
}

@inproceedings{Jaber12,
  TITLE = {{Extending Type Theory with Forcing}},
  AUTHOR = {Jaber, Guilhem and Tabareau, Nicolas and Sozeau, Matthieu},
  BOOKTITLE = {{LICS 2012 : Logic In Computer Science}},
  ADDRESS = {Dubrovnik, Croatia},
  PAGES = {0-0},
  YEAR = {2012},
  MONTH = Jun,
  HAL_ID = {hal-00685150},
  HAL_VERSION = {v1},
}

@book{Cohen66,
  title={Set theory and the continuum hypothesis},
  author={Cohen, P.J.},
  lccn={66028664},
  series={Mathematics lecture note series},
  year={1966},
  publisher={W. A. Benjamin}
}

@article{Kleene45,
author = {Kleene,S. C.},
title = {On the interpretation of intuitionistic number theory},
journal = {The Journal of Symbolic Logic},
volume = {10},
issue = {04},
month = {12},
year = {1945},
issn = {1943-5886},
pages = {109--124},
numpages = {16},
}

@article{Krivine94,
  author    = {Jean{-}Louis Krivine},
  title     = {Classical Logic, Storage Operators and Second-Order lambda-Calculus},
  journal   = {Ann. Pure Appl. Logic},
  volume    = {68},
  number    = {1},
  pages     = {53--78},
  year      = {1994},
  url       = {http://dx.doi.org/10.1016/0168-0072(94)90047-7},
  doi       = {10.1016/0168-0072(94)90047-7},
  timestamp = {Fri, 01 Jul 2011 13:42:07 +0200},
}

@article{Krivine09,
  title={Realizability in classical logic},
  author={Krivine, Jean-Louis},
  journal={Panoramas et synth{\`e}ses},
  volume={27},
  pages={197--229},
  year={2009}
}

@article{Krivine07,
  author    = {Jean-Louis Krivine},
  title     = {A call-by-name lambda-calculus machine},
  journal   = {Higher-Order and Symbolic Computation},
  volume    = {20},
  number    = {3},
  year      = {2007},
  pages     = {199-207},
  ee        = {http://dx.doi.org/10.1007/s10990-007-9018-9},
}

@article{Krivine11,
  author    = {Jean{-}Louis Krivine},
  title     = {Realizability algebras: a program to well order {R}},
  journal   = {Logical Methods in Computer Science},
  volume    = {7},
  number    = {3},
  year      = {2011},
  url       = {http://dx.doi.org/10.2168/LMCS-7(3:2)2011},
  doi       = {10.2168/LMCS-7(3:2)2011},
  timestamp = {Tue, 15 Nov 2011 16:45:56 +0100},
  biburl    = {http://dblp.uni-trier.de/rec/bib/journals/corr/abs-1005-2395},
  bibsource = {dblp computer science bibliography, http://dblp.org}
}

@article{Kripke59,
  author    = {Saul Kripke},
  title     = {A Completeness Theorem in Modal Logic},
  journal   = {J. Symb. Log.},
  volume    = {24},
  number    = {1},
  pages     = {1--14},
  year      = {1959},
  url       = {http://dx.doi.org/10.2307/2964568},
  doi       = {10.2307/2964568},
  timestamp = {Tue, 05 Aug 2014 16:36:20 +0200},
  biburl    = {http://dblp.uni-trier.de/rec/bib/journals/jsyml/Kripke59},
  bibsource = {dblp computer science bibliography, http://dblp.org}
}

@phdthesis{Brunel14,
  author = {Alois Brunel},
  title = {The Monitoring Power of Forcing Transformation},
  year = {2014},
  school = {Univ. Paris Nord},
}

@phdthesis{Biering08,
  author = {Bodil Biering},
  title = {Dialectica Interpretations: A Categorical Analysis},
  year = {2008},
  school = {IT University},
}

@book{Kohlenbach08,
  title = {Applied Proof Theory: Proof Interpretations and their Use in
           Mathematics},
  author = {Kohlenbach, Ulrich},
  publisher = {Springer Verlag},
  year = 2008,
  series = {Springer Monographs in Mathematics},
}

@unpublished{Breuvart15,
  title = {Relational semantics for bounded calculus},
  year = {2015},
  author = {Breuvart and Pagani},
  note = {Draft},
}

@inproceedings{Gaboardi14,
  author = {Brunel, Alo\"{i}s and Gaboardi, Marco and Mazza, Damiano and
    Zdancewic, Steve},
  publisher = {Springer},
  title = {A Core Quantitative Coeffect Calculus},
  series = {Lecture Notes in Computer Science},
  booktitle = {Proceedings of ESOP},
  volume = {8410},
  editor = {Z.~Shao},
  year = {2014},
  pages = {351-370}
}

@phdthesis{Laurent02,
  title = {{A study of polarization in logic}},
  author = {Laurent, Olivier},
  school = {{Universit{\'e} de la M{\'e}diterran{\'e}e - Aix-Marseille II}},
  year = {2002},
  month = Mar,
}

@InProceedings{Laird13,
  author      = "J. Laird and G. Manzonetto and G. McCusker and M. Pagani",
  title       = "Weighted relational models of typed lambda-calculi",
  booktitle   = "LICS 2013",
  pages       = "301--310",
  year        = "2013",
}

@phdthesis{Levy01,
  author = {Paul Blain Levy},
  title = {Call-by-push-value},
  school = {Queen Mary, University of London},
  year = {2001},
}

@book{Barendregt84,
  author = {H. P. Barendregt},
  title = {The Lambda Calculus Its Syntax and Semantics},
  publisher = {North Holland},
  year = {1984},
  volume = {103},
  edition = {Revised},
}

@inproceedings{Barendregt92,
    author = {Henk Barendregt and S. Abramsky and D. M. Gabbay and T. S. E. Maibaum and H. P. Barendregt},
    title = {Lambda Calculi with Types},
    booktitle = {Handbook of Logic in Computer Science},
    year = {1992},
    pages = {117--309},
    publisher = {Oxford University Press}
}

@article{Coquand88,
 author = {Coquand, Thierry and Huet, Gerard},
 title = {The Calculus of Constructions},
 journal = {Inf. Comput.},
 issue_date = {February/March 1988},
 volume = {76},
 number = {2-3},
 month = feb,
 year = {1988},
 issn = {0890-5401},
 pages = {95--120},
 numpages = {26},
 url = {http://dx.doi.org/10.1016/0890-5401(88)90005-3},
 doi = {10.1016/0890-5401(88)90005-3},
 acmid = {47725},
 publisher = {Academic Press, Inc.},
 address = {Duluth, MN, USA},
}

@article{Okada99,
title = "Phase semantic cut-elimination and normalization proofs of first- and higher-order linear logic ",
journal = "Theoretical Computer Science ",
volume = "227",
number = "1-2",
pages = "333 - 396",
year = "1999",
issn = "0304-3975",
doi = "http://dx.doi.org/10.1016/S0304-3975(99)00058-4",
author = "Mitsuhiro Okada",
}


@inproceedings{Pedrot14,
 author = {P{\'e}drot, Pierre-Marie},
 title = {A Functional Functional Interpretation},
 booktitle = {CSL-LICS 2014},
 year = {2014},
 isbn = {978-1-4503-2886-9},
 location = {Vienna, Austria},
 pages = {77:1--77:10},
 articleno = {77},
 numpages = {10},
 url = {http://doi.acm.org/10.1145/2603088.2603094},
 doi = {10.1145/2603088.2603094},
 acmid = {2603094},
 publisher = {ACM},
 address = {New York, NY, USA},
} 

@phdthesis{Pedrot15,
 author = {P{\'e}drot, Pierre-Marie},
 year         = "2015",
 title        = {A {M}aterialist {D}ialectica},
 school       = {Univ. Paris VII},
}

@article{Siles12,
 author = {Siles, Vincent and Herbelin, Hugo},
 title = {Pure Type System Conversion is Always Typable},
 journal = {J. Funct. Program.},
 issue_date = {March 2012},
 volume = {22},
 number = {2},
 month = mar,
 year = {2012},
 issn = {0956-7968},
 pages = {153--180},
 numpages = {28},
 url = {http://dx.doi.org/10.1017/S0956796812000044},
 doi = {10.1017/S0956796812000044},
 acmid = {2349616},
 publisher = {Cambridge University Press},
 address = {New York, NY, USA},
} 

@Article{Pedicini94,
  author  = {Gianfranco Mascari and Marco Pedicini},
  title   = {Head linear reduction and pure proof net extraction},
  journal = "Theoret.\ Comput.\ Sci.",
  volume  = {135},
  number  = {1},
  pages   = {111--137},
  year    = {1994},
}

@incollection{Oury05,
year={2005},
isbn={978-3-540-28372-0},
booktitle={Theorem Proving in Higher Order Logics},
volume={3603},
series={Lecture Notes in Computer Science},
editor={Hurd, Joe and Melham, Tom},
doi={10.1007/11541868_18},
title={Extensionality in the Calculus of Constructions},
url={http://dx.doi.org/10.1007/11541868_18},
publisher={Springer Berlin Heidelberg},
author={Oury, Nicolas},
pages={278-293},
language={English}
}

@article{Ilik11,
  author      = {Danko Ilik and Gyesik Lee and Hugo Herbelin},
  title       = {Kripke Models for Classical Logic},
  editor      = {Steffen van Bakel and Stefano Berardi and Ulrich Berger},
  journal     = {Annals of Pure and Applied Logic},
  year        = {2010},
  volume      = {161},
  number      = {11},
  pages       = {1367-1378},
  ee          = {http://dx.doi.org/10.1016/j.apal.2010.04.007},
  note        = {Special Issue on Classical Logic and Computation}
}

@article{Ilik13,
title = "Continuation-passing style models complete for intuitionistic logic",
journal = "Annals of Pure and Applied Logic",
volume = "164",
number = "6",
pages = "651-662",
year = "2013",
issn = "0168-0072",
doi = "http://dx.doi.org/10.1016/j.apal.2012.05.003",
author = "Danko Ilik",
}

@Book{HoTTBook,
  author =    {The {Univalent Foundations Program}},
  title =     {Homotopy Type Theory: Univalent Foundations of Mathematics},
  publisher = {\url{http://homotopytypetheory.org/book}},
  address =   {Institute for Advanced Study},
  year =      2013}

@book{Chlipala11,
  author = {Adam Chlipala},
  title = {Certified Programming with Dependent Types},
  publisher = {MIT Press},
  year = 2011,
  url = {{http://adam.chlipala.net/cpdt/}},
  note = {\url{http://adam.chlipala.net/cpdt/}}
}

@inproceedings{Benton96,
  author = {Benton, N. and Wadler, P.},
  booktitle = {Proceedings of the 11th IEEE Symposium on Logic in Computer Science, Brunswick, New Jersey},
  month = {jul},
  priority = {2},
  publisher = {IEEE Press},
  title = {Linear logic, monads and the lambda calculus},
  year = {1996}
}


@INPROCEEDINGS{Girard96,
    author = {{Jean-Yves Girard}},
    title = {Proof-nets: The parallel syntax for proof-theory},
    booktitle = {Logic and Algebra},
    year = {1996},
    pages = {97--124},
    publisher = {Marcel Dekker}
}

@inproceedings{Griffin90,
 author = {Griffin, Timothy G.},
 title = {A Formulae-as-type Notion of Control},
 series = {POPL '90},
 year = {1990},
 isbn = {0-89791-343-4},
 location = {San Francisco, California, USA},
 pages = {47--58},
 numpages = {12},
 acmid = {96714},
 publisher = {ACM},
 address = {New York, NY, USA},
}

@misc{Griffin13,
  author = {Griffin, Timothy G.},
  title = {Remarks on A Formulae-as-Types Notion of Control},
  year = {2013},
}

@techreport{Barber96,
    author = {Barber, Andrew},
    institution = {University of Edinburgh},
    title = {Dual Intuitionistic Linear Logic},
    url = {http://www.lfcs.inf.ed.ac.uk/reports/96/ECS-LFCS-96-347/index.html},
    year = {1996}
}

@inproceedings{Herbelin00,
  TITLE = {The duality of computation},
  AUTHOR = {Herbelin, Hugo and Curien, Pierre-Louis},
  URL = {https://hal.inria.fr/inria-00156377},
  NOTE = {http://www.acm.org},
  BOOKTITLE = {{Fifth ACM SIGPLAN International Conference on Functional Programming : ICFP '00}},
  ADDRESS = {Montr{\'e}al, Canada},
  PUBLISHER = {ACM},
  VOLUME = {35/9},
  NUMBER = {9},
  PAGES = {233-243},
  YEAR = {2000},
  MONTH = Sep,
}

@inproceedings{Herbelin08,
  author      = {Hugo Herbelin and Silvia Ghilezan},
  title       = {An Approach to Call-by-Name Delimited Continuations},
  booktitle   = {Proceedings of the 35th ACM SIGPLAN-SIGACT Symposium
                  on Principles of Programming Languages, POPL 2008, 
                  San Francisco, California, USA, January 7-12, 2008},
  month       = Jan,
  publisher   = {ACM},
  editor      = {George C. Necula and Philip Wadler},
  year        = {2008},
  pages       = {383-394},
  isbn        = {978-1-59593-689-9},                  
  ee          = {http://doi.acm.org/10.1145/1328438.1328484},
}
@inproceedings{Zeilberger10,
  author = {Zeilberger, Noam},
  booktitle = {LICS},
  isbn = {978-0-7695-4114-3},
  pages = {219-227},
  publisher = {IEEE Computer Society},
  title = {Polarity and the Logic of Delimited Continuations.},
  year = 2010
}


@INPROCEEDINGS{Mellies09,
    author = {Paul-andré Melliès},
    title = {Categorical semantics of linear logic},
    booktitle = {Interactive Models of Computation and Program Behaviour, Panoramas et Synthèses 27, Société Mathématique de France 1–196},
    year = {2009}
}

@inproceedings{Reynolds74,
  author    = {John C. Reynolds},
  title     = {Towards a theory of type structure},
  booktitle = {Programming Symposium, Proceedings Colloque sur la Programmation,
               Paris, France, April 9-11, 1974},
  pages     = {408--423},
  year      = {1974},
  doi       = {10.1007/3-540-06859-7_148},
}
@book{Russel1903,
  title={The Principles of Mathematics},
  author={Bertrand Russell},
  year={1903},
}

@article{Terui11,
  author    = {Kazushige Terui},
  title     = {Computational ludics},
  journal   = {Theor. Comput. Sci.},
  volume    = {412},
  number    = {20},
  pages     = {2048--2071},
  year      = {2011},
  doi       = {10.1016/j.tcs.2010.12.026},
}

@article{Turing37,
author = {Turing, A. M.},
title = {Computability and lambda-definability},
journal = {The Journal of Symbolic Logic},
volume = {2},
issue = {04},
month = {12},
year = {1937},
issn = {1943-5886},
pages = {153--163},
numpages = {11},
doi = {10.2307/2268280},
}

@phdthesis{Wadsworth71,
    author = {Wadsworth, Christopher P.},
    school = {Programming Research Group, Oxford University},
    title = {{Semantics and pragmatics of the lambda-calculus}},
    year = {1971}
}

@incollection{Tierney72,
  title={Sheaf theory and the continuum hypothesis},
  author={Tierney, Myles},
  booktitle={Toposes, algebraic geometry and logic},
  pages={13--42},
  year={1972},
  publisher={Springer}
}

@inproceedings{Altenkirch16,
  title={Type theory in type theory using quotient inductive types},
  author={Altenkirch, Thorsten and Kaposi, Ambrus},
  booktitle={Proceedings of the 43rd Annual ACM SIGPLAN-SIGACT Symposium on Principles of Programming Languages},
  year={2016}
}

@inproceedings{Herbelin12,
  title={A constructive proof of dependent choice, compatible with classical logic},
  author={Herbelin, Hugo},
  booktitle={LICS},
  pages={365--374},
  year={2012},
  organization={IEEE Computer Society}
}

@inproceedings{Werner97,
  title={Sets in types, types in sets},
  author={Werner, Benjamin},
  booktitle={Theoretical aspects of computer software},
  pages={530--546},
  year={1997},
  organization={Springer}
}

@misc{cubicaltt,
  author    = {Cohen, Cyril and Coquand, Thierry and Huber, Simon and M\"ortberg, Anders},
  title     = {{Cubical Type Theory: a constructive interpretation of
                  the univalence axiom}},
  year = 2015,
  note = {Preprint},
}
